@article{famili1997,
	author   = {Famili, A. and Shen, W.-M. and Weber, R. and Simoudis, E.},
	title    = {Data Preprocessing and Intelligent Data Analysis},
	journal  = {Intelligent Data Analysis 1},
	date     = {1997},
	keywords = {trusted},
}

@article{choong2017,
	author   = {Chong, A. C. H. and Lee, N. K.},
	title    = {Evaluation of Convolutionary Neural NetworksModeling of DNA Sequences using Ordinal versusone-hot Encoding Method},
	journal  = {2017 International Conference on Computer and Drone Applications (IConDA)},
	date     = {2017},
	keywords = {trusted},
}

@article{patro2015,
	author   = {Patro, S.Gopal Krishna and sahu, Kishore Kumar},
	title    = {Normalization: A Preprocessing Stage},
	date     = {2015},
	keywords = {trusted},
}

@inproceedings{sklearn_api,
  author    = {Lars Buitinck and Gilles Louppe and Mathieu Blondel and
               Fabian Pedregosa and Andreas Mueller and Olivier Grisel and
               Vlad Niculae and Peter Prettenhofer and Alexandre Gramfort
               and Jaques Grobler and Robert Layton and Jake VanderPlas and
               Arnaud Joly and Brian Holt and Ga{\"{e}}l Varoquaux},
  title     = {{API} design for machine learning software: experiences from the scikit-learn
               project},
  booktitle = {ECML PKDD Workshop: Languages for Data Mining and Machine Learning},
  year      = {2013},
  pages = {108--122},
}

@article{kira1992,
	author   = {Kira, K. and Rendell, L. A.},
	title    = {A Practical Approach to Feature Selection},
	journal  = {Machine Learning Proceedings 1992},
  pages    = {249-256},
	date     = {1992},
	keywords = {trusted},
}

@article{lal2006,
	author   = {Lal, T. N. and Chapelle, O. and Weston, J. and Elisseeff, A.},
	title    = {Embedded Methods},
	journal  = {Studies in Fuzziness and Soft Computing},
  pages    = {137-165},
	date     = {2006},
	keywords = {trusted},
}

@article{wan2003,
	author   = {Wan, S.-C.},
	title    = {Artificial Neural Network},
	journal  = {Interdisciplinary Computing in Java Programming},
  pages    = {81-100},
	date     = {2003},
	keywords = {trusted},
}

@book{tariq2016,
	author       = {Tariq Rashid},
	title        = {Make Your Own Neural Network: A Gentle Journey Through the Mathematics of Neural Networks, and Making Your Own Using the Python Computer Language},
	publisher    = {CreateSpace Independent Publishing Platform},
	date         = {2016},
	keywords     = {trusted},
}


@article{sibi2013,
	author   = {P.SIBI and S.ALLWYN JONNES and P.SIDDARTH},
	title    = {ANALYSIS OF DIFFERENT ACTIVATION FUNCTIONS USING BACK PROPAGATION NEURAL NETWORKS},
	journal  = {Journal of Theoretical and Applied Information Technology},
	date     = {2013},
	keywords = {trusted},
}

@article{erb1993,
	author   = {Erb, R. J.},
	title    = {Introduction to Bakpropagation Neural Network Compuation},
	journal  = {Pharmaceutical Research},
  pages    = {165-170},
	date     = {1993},
	keywords = {trusted},
}
